<record><leader>00000cas a22000007a 4500</leader><controlfield tag="001">15306810</controlfield><controlfield tag="008">870312u1955uuuuinuwn ne      0    0eng d</controlfield><datafield ind1=" " ind2=" " tag="010"><subfield code="a">sn 86058241 </subfield></datafield><datafield ind1=" " ind2=" " tag="040"><subfield code="a">NPI</subfield><subfield code="b">eng</subfield><subfield code="c">NPI</subfield><subfield code="d">OCLCQ</subfield></datafield><datafield ind1=" " ind2=" " tag="042"><subfield code="a">msc</subfield></datafield><datafield ind1="0" ind2="4" tag="245"><subfield code="a">The Hessville-Woodmar lite.</subfield></datafield><datafield ind1=" " ind2=" " tag="260"><subfield code="a">Hessville, Ind. :</subfield><subfield code="b">[s.n.],</subfield><subfield code="c">1955-</subfield></datafield><datafield ind1=" " ind2=" " tag="310"><subfield code="a">Weekly (except the week after Christmas)</subfield></datafield><datafield ind1="0" ind2=" " tag="362"><subfield code="a">Vol. 7, no. 20 (Apr. 7, 1955)-</subfield></datafield><datafield ind1=" " ind2=" " tag="500"><subfield code="a">"Serving Hessville, Woodmar, Black Oak, and Highland."</subfield></datafield><datafield ind1=" " ind2=" " tag="752"><subfield code="a">United States</subfield><subfield code="b">Indiana</subfield><subfield code="c">Lake</subfield><subfield code="d">Hessville.</subfield></datafield><datafield ind1=" " ind2=" " tag="752"><subfield code="a">United States</subfield><subfield code="b">Indiana</subfield><subfield code="c">Lake</subfield><subfield code="d">Hammond.</subfield></datafield><datafield ind1="0" ind2="0" tag="780"><subfield code="t">Hessvillite</subfield><subfield code="w">(DLC)sn 86058240</subfield></datafield><datafield ind1="1" ind2=" " tag="029"><subfield code="a">AU@</subfield><subfield code="b">000025801412</subfield></datafield></record>